%% This BibTeX bibliography file was created using BibDesk.
%% http://bibdesk.sourceforge.net/

%% Created for Jake Bowers at 2016-05-31 12:35:22 -0400 


%% Saved with string encoding Unicode (UTF-8) 



@article{asendorpf2013recommendations,
	Author = {Asendorpf, Jens B and Conner, Mark and De Fruyt, Filip and De Houwer, Jan and Denissen, Jaap JA and Fiedler, Klaus and Fiedler, Susann and Funder, David C and Kliegl, Reinhold and Nosek, Brian A and others},
	Date-Added = {2016-05-31 16:32:11 +0000},
	Date-Modified = {2016-05-31 16:32:11 +0000},
	Journal = {European Journal of Personality},
	Number = {2},
	Pages = {108--119},
	Publisher = {Wiley Online Library},
	Title = {Recommendations for increasing replicability in psychology},
	Volume = {27},
	Year = {2013}}

@article{freese2007replication,
	Author = {Freese, Jeremy},
	Date-Added = {2016-05-31 16:32:11 +0000},
	Date-Modified = {2016-05-31 16:32:11 +0000},
	Journal = {Sociological Methods \& Research},
	Number = {2},
	Pages = {153--172},
	Publisher = {Sage Publications},
	Title = {Replication standards for quantitative social science why not sociology?},
	Volume = {36},
	Year = {2007}}

@article{lupia2014openness,
	Author = {Lupia, Arthur and Elman, Colin},
	Date-Added = {2016-05-31 16:32:11 +0000},
	Date-Modified = {2016-05-31 16:32:11 +0000},
	Journal = {PS: Political Science \& Politics},
	Number = {01},
	Pages = {19--42},
	Publisher = {Cambridge Univ Press},
	Title = {Openness in political science: Data access and research transparency},
	Volume = {47},
	Year = {2014}}

@article{nagler1995coding,
	Author = {Nagler, Jonathan},
	Date-Added = {2016-05-31 16:29:32 +0000},
	Date-Modified = {2016-05-31 16:29:32 +0000},
	Issn = {1049-0965},
	Journal = {PS: Political Science and Politics},
	Number = {3},
	Pages = {488--492},
	Publisher = {JSTOR},
	Title = {Coding Style and Good Computing Practices},
	Volume = {28},
	Year = {1995},
	Bdsk-File-1 = {YnBsaXN0MDDUAQIDBAUGJCVYJHZlcnNpb25YJG9iamVjdHNZJGFyY2hpdmVyVCR0b3ASAAGGoKgHCBMUFRYaIVUkbnVsbNMJCgsMDxJXTlMua2V5c1pOUy5vYmplY3RzViRjbGFzc6INDoACgAOiEBGABIAFgAdccmVsYXRpdmVQYXRoWWFsaWFzRGF0YV8QOC4uLy4uLy4uL0Ryb3Bib3gvUEFQRVJTL05hZ2xlcjE5OTV7bmFnbGVyMTk5NWNvZGluZ30ucGRm0hcLGBlXTlMuZGF0YU8RAdQAAAAAAdQAAgAADE1hY2ludG9zaCBIRAAAAAAAAAAAAAAAAAAAANKFWWVIKwAAABY5RB9OYWdsZXIxOTk1e25hZ2xlcjE5OSMxODI0RUUucGRmAAAAAAAAAAAAAAAAAAAAAAAAAAAAAAAAAAAAAAAAAAAAGCTuyYv/RgAAAAAAAAAAAAMAAwAACSAAAAAAAAAAAAAAAAAAAAAGUEFQRVJTABAACAAA0oWftQAAABEACAAAyYxFlgAAAAEAEAAWOUQAFfw4AAlxYgAGLPAAAgBOTWFjaW50b3NoIEhEOlVzZXJzOgBqd2Jvd2VyczoARHJvcGJveDoAUEFQRVJTOgBOYWdsZXIxOTk1e25hZ2xlcjE5OSMxODI0RUUucGRmAA4AQgAgAE4AYQBnAGwAZQByADEAOQA5ADUAewBuAGEAZwBsAGUAcgAxADkAOQA1AGMAbwBkAGkAbgBnAH0ALgBwAGQAZgAPABoADABNAGEAYwBpAG4AdABvAHMAaAAgAEgARAASAD5Vc2Vycy9qd2Jvd2Vycy9Ecm9wYm94L1BBUEVSUy9OYWdsZXIxOTk1e25hZ2xlcjE5OTVjb2Rpbmd9LnBkZgATAAEvAAAVAAIAD///AACABtIbHB0eWiRjbGFzc25hbWVYJGNsYXNzZXNdTlNNdXRhYmxlRGF0YaMdHyBWTlNEYXRhWE5TT2JqZWN00hscIiNcTlNEaWN0aW9uYXJ5oiIgXxAPTlNLZXllZEFyY2hpdmVy0SYnVHJvb3SAAQAIABEAGgAjAC0AMgA3AEAARgBNAFUAYABnAGoAbABuAHEAcwB1AHcAhACOAMkAzgDWAq4CsAK1AsACyQLXAtsC4gLrAvAC/QMAAxIDFQMaAAAAAAAAAgEAAAAAAAAAKAAAAAAAAAAAAAAAAAAAAxw=}}

@article{king1995replication,
	Author = {King, Gary},
	Date-Added = {2016-05-31 16:29:26 +0000},
	Date-Modified = {2016-05-31 16:29:26 +0000},
	Issn = {1049-0965},
	Journal = {PS: Political Science and Politics},
	Number = {3},
	Pages = {444--452},
	Publisher = {JSTOR},
	Title = {Replication, replication},
	Volume = {28},
	Year = {1995},
	Bdsk-File-1 = {YnBsaXN0MDDUAQIDBAUGJCVYJHZlcnNpb25YJG9iamVjdHNZJGFyY2hpdmVyVCR0b3ASAAGGoKgHCBMUFRYaIVUkbnVsbNMJCgsMDxJXTlMua2V5c1pOUy5vYmplY3RzViRjbGFzc6INDoACgAOiEBGABIAFgAdccmVsYXRpdmVQYXRoWWFsaWFzRGF0YV8QOS4uLy4uLy4uL0Ryb3Bib3gvUEFQRVJTL0tpbmcxOTk1e2tpbmcxOTk1cmVwbGljYXRpb259LnBkZtIXCxgZV05TLmRhdGFPEQHYAAAAAAHYAAIAAAxNYWNpbnRvc2ggSEQAAAAAAAAAAAAAAAAAAADShVllSCsAAAAWOUQfS2luZzE5OTV7a2luZzE5OTVyZXAjMTgzRTU5LnBkZgAAAAAAAAAAAAAAAAAAAAAAAAAAAAAAAAAAAAAAAAAAABg+WcmMHrYAAAAAAAAAAAADAAMAAAkgAAAAAAAAAAAAAAAAAAAABlBBUEVSUwAQAAgAANKFn7UAAAARAAgAAMmMZQYAAAABABAAFjlEABX8OAAJcWIABizwAAIATk1hY2ludG9zaCBIRDpVc2VyczoAandib3dlcnM6AERyb3Bib3g6AFBBUEVSUzoAS2luZzE5OTV7a2luZzE5OTVyZXAjMTgzRTU5LnBkZgAOAEQAIQBLAGkAbgBnADEAOQA5ADUAewBrAGkAbgBnADEAOQA5ADUAcgBlAHAAbABpAGMAYQB0AGkAbwBuAH0ALgBwAGQAZgAPABoADABNAGEAYwBpAG4AdABvAHMAaAAgAEgARAASAD9Vc2Vycy9qd2Jvd2Vycy9Ecm9wYm94L1BBUEVSUy9LaW5nMTk5NXtraW5nMTk5NXJlcGxpY2F0aW9ufS5wZGYAABMAAS8AABUAAgAP//8AAIAG0hscHR5aJGNsYXNzbmFtZVgkY2xhc3Nlc11OU011dGFibGVEYXRhox0fIFZOU0RhdGFYTlNPYmplY3TSGxwiI1xOU0RpY3Rpb25hcnmiIiBfEA9OU0tleWVkQXJjaGl2ZXLRJidUcm9vdIABAAgAEQAaACMALQAyADcAQABGAE0AVQBgAGcAagBsAG4AcQBzAHUAdwCEAI4AygDPANcCswK1AroCxQLOAtwC4ALnAvAC9QMCAwUDFwMaAx8AAAAAAAACAQAAAAAAAAAoAAAAAAAAAAAAAAAAAAADIQ==}}

@article{bowers2011tpm,
	Author = {Bowers, Jake},
	Date-Added = {2016-05-31 16:17:36 +0000},
	Date-Modified = {2016-05-31 16:17:36 +0000},
	Journal = {The Political Methodologist},
	Number = {2},
	Pages = {2--8},
	Title = {Six steps to a better relationship with your future self.},
	Volume = {18},
	Year = {2011}}

@article{koriat2005illusions,
	Author = {Koriat, Asher and Bjork, Robert A},
	Date-Added = {2016-05-31 16:01:45 +0000},
	Date-Modified = {2016-05-31 16:01:45 +0000},
	Journal = {Journal of Experimental Psychology: Learning, Memory, and Cognition},
	Number = {2},
	Pages = {187},
	Publisher = {American Psychological Association},
	Title = {Illusions of competence in monitoring one's knowledge during study.},
	Volume = {31},
	Year = {2005}}

@book{twain1975mark,
	Author = {Twain, Mark},
	Date-Added = {2016-05-31 15:43:10 +0000},
	Date-Modified = {2016-05-31 15:43:10 +0000},
	Publisher = {Univ of California Press},
	Title = {Mark Twain's Notebooks \& Journals, Volume I:(1855-1873)},
	Volume = {8},
	Year = {1975}}

@inbook{whitman1855song,
	Author = {Whitman, Walt},
	Chapter = {Song of Myself},
	Date-Added = {2016-05-31 15:39:23 +0000},
	Date-Modified = {2016-05-31 15:39:23 +0000},
	Pages = {51},
	Publisher = {Project Gutenberg [2008]},
	Title = {{Leaves of Grass}},
	Url = {http://www.gutenberg.org/files/1322/1322-h/1322-h.htm},
	Year = {1855},
	Bdsk-Url-1 = {http://www.gutenberg.org/files/1322/1322-h/1322-h.htm}}
